<?xml version="1.0" encoding="UTF-8"?><record xmlns="http://www.loc.gov/MARC21/slim" xmlns:cinclude="http://apache.org/cocoon/include/1.0" xmlns:zs="http://www.loc.gov/zing/srw/">
  <leader>00769cz  a2200205n  4500</leader>
  <controlfield tag="001">n  98800196 </controlfield>
  <controlfield tag="003">DLC</controlfield>
  <controlfield tag="005">20161130073839.0</controlfield>
  <controlfield tag="008">980120n| azannaabn          |a aaa      </controlfield>
  <datafield tag="010" ind1=" " ind2=" ">
    <subfield code="a">n  98800196 </subfield>
  </datafield>
  <datafield tag="035" ind1=" " ind2=" ">
    <subfield code="a">(OCoLC)oca04611771</subfield>
  </datafield>
  <datafield tag="040" ind1=" " ind2=" ">
    <subfield code="a">DNLM</subfield>
    <subfield code="b">eng</subfield>
    <subfield code="e">rda</subfield>
    <subfield code="c">DLC</subfield>
    <subfield code="d">DNLM</subfield>
  </datafield>
  <datafield tag="046" ind1=" " ind2=" ">
    <subfield code="f">1828-02-24</subfield>
    <subfield code="g">1890-06-18</subfield>
    <subfield code="2">edtf</subfield>
  </datafield>
  <datafield tag="100" ind1="1" ind2=" ">
    <subfield code="a">Culbertson, H.</subfield>
    <subfield code="q">(Howard),</subfield>
    <subfield code="d">1828-1890</subfield>
  </datafield>
  <datafield tag="370" ind1=" " ind2=" ">
    <subfield code="f">Zanesville (Ohio)</subfield>
    <subfield code="2">naf</subfield>
  </datafield>
  <datafield tag="374" ind1=" " ind2=" ">
    <subfield code="a">Physicians</subfield>
    <subfield code="2">mesh</subfield>
  </datafield>
  <datafield tag="378" ind1=" " ind2=" ">
    <subfield code="q">Howard</subfield>
  </datafield>
  <datafield tag="400" ind1="1" ind2=" ">
    <subfield code="a">Culbertson, Howard,</subfield>
    <subfield code="d">1828-1890</subfield>
  </datafield>
  <datafield tag="670" ind1=" " ind2=" ">
    <subfield code="a">Is diphtheria a form of erysipelas?, 1876:</subfield>
    <subfield code="b">caption (H. Culbertson, M.D., prof. of ophthalmology, Columbus Med. Coll.)</subfield>
  </datafield>
  <datafield tag="670" ind1=" " ind2=" ">
    <subfield code="a">Holloway, L.M., Medical obits., 1981</subfield>
    <subfield code="b">(Culbertson, Howard, b. Feb. 24, 1828, d. June 18, 1890, pract. in Zanesville, Ohio)</subfield>
  </datafield>
</record>